

@article{holzhacker2007democratic,
  title={Democratic legitimacy and the European Union},
  author={Holzhacker, Ronald},
  journal={European Integration},
  volume={29},
  number={3},
  pages={257--269},
  year={2007},
  publisher={Taylor \& Francis}
}

@article{arnold2012trust,
  title={Trust in the institutions of the European Union: A cross-country examination},
  author={Arnold, Christine and Sapir, Eliyahu and Zapryanova, Galina},
  journal={Beyond Euro-Skepticism: Understanding Attitudes Towards the EUÃ•, European Integration Online Papers, Special Mini},
  number={2},
  year={2012}
}

@book{schmitt1999political,
  title={Political representation and legitimacy in the European Union},
  author={Schmitt, Hermann and Thomassen, Jacques},
  year={1999},
  publisher={OUP Oxford}
}


@incollection{drake1997european,
  title={The European Commission and the politics of legitimacy in the European Union},
  author={Drake, Helen},
  booktitle={At the Heart of the Union: Studies of the European Commission},
  pages={226--244},
  year={1997},
  publisher={Springer}
}

@book{jackson2008social,
  title={Social and economic networks},
  author={Jackson, Matthew O and others},
  volume={3},
  year={2008},
  publisher={Princeton university press Princeton}
}


@article{tsakatika2005claims,
  title={Claims to legitimacy: The European Commission between continuity and change},
  author={Tsakatika, Myrto},
  journal={JCMS: Journal of Common Market Studies},
  volume={43},
  number={1},
  pages={193--220},
  year={2005},
  publisher={Wiley Online Library}
}

