
@article{beyers2014policy,
  title={Policy-centred sampling in interest group research: Lessons from the INTEREURO project},
  author={Beyers, Jan and D{\"u}r, Andreas and Marshall, David and Wonka, Arndt},
  journal={Interest Groups \& Advocacy},
  volume={3},
  number={2},
  pages={160--173},
  year={2014},
  publisher={Springer}
}


@article{bouwen2002corporate,
  title={Corporate lobbying in the European Union: the logic of access},
  author={Bouwen, Pieter},
  journal={Journal of European public policy},
  volume={9},
  number={3},
  pages={365--390},
  year={2002},
  publisher={Taylor \& Francis}
}


@article{bunea2015quantitative,
  title={Quantitative text analysis and the study of EU lobbying and interest groups},
  author={Bunea, Adriana and Ibenskas, Raimondas},
  journal={European Union Politics},
  volume={16},
  number={3},
  pages={429--455},
  year={2015},
  publisher={SAGE Publications Sage UK: London, England}
}

@book{coen2009lobbying,
  title={Lobbying the European Union: institutions, actors, and issues},
  author={Coen, David and Richardson, Jeremy},
  year={2009},
  publisher={Oxford University Press}
}

@article{dur2007inclusion,
  title={Inclusion without influence? NGOs in European trade policy},
  author={D{\"u}r, Andreas and De Bi{\`e}vre, Dirk},
  journal={Journal of Public Policy},
  volume={27},
  number={1},
  pages={79--101},
  year={2007},
  publisher={Cambridge University Press}
}


@article{dur2008measuring,
  title={Measuring interest group influence in the EU: A note on methodology},
  author={D{\"u}r, Andreas},
  journal={European Union Politics},
  volume={9},
  number={4},
  pages={559--576},
  year={2008},
  publisher={SAGE Publications Sage UK: London, England}
}

@article{follesdal2006there,
  title={Why there is a democratic deficit in the EU: A response to Majone and Moravcsik},
  author={Follesdal, Andreas and Hix, Simon},
  journal={JCMS: Journal of Common Market Studies},
  volume={44},
  number={3},
  pages={533--562},
  year={2006},
  publisher={Wiley Online Library}
}

@article{greenwood2013transparency,
  title={The Transparency Register: A European vanguard of strong lobby regulation?},
  author={Greenwood, Justin and Dreger, Joanna},
  journal={Interest Groups \& Advocacy},
  volume={2},
  number={2},
  pages={139--162},
  year={2013},
  publisher={Springer}
}


@article{kohler2007institutional,
  title={The institutional shaping of EU--society relations: a contribution to democracy via participation?},
  author={Kohler-Koch, Beate and Finke, Barbara},
  journal={Journal of Civil Society},
  volume={3},
  number={3},
  pages={205--221},
  year={2007},
  publisher={Taylor \& Francis}
}

@article{kluver2009measuring,
  title={Measuring interest group influence using quantitative text analysis},
  author={Kl{\"u}ver, Heike},
  journal={European Union Politics},
  volume={10},
  number={4},
  pages={535--549},
  year={2009},
  publisher={SAGE Publications Sage UK: London, England}
}

@article{kluver2011contextual,
  title={The contextual nature of lobbying: Explaining lobbying success in the European Union},
  author={Kl{\"u}ver, Heike},
  journal={European Union Politics},
  volume={12},
  number={4},
  pages={483--506},
  year={2011},
  publisher={Sage Publications Sage UK: London, England}
}

@book{kluver2013lobbying,
  title={Lobbying in the European Union: interest groups, lobbying coalitions, and policy change},
  author={Kl{\"u}ver, Heike},
  year={2013},
  publisher={Oxford University Press}
}

@article{kluver2015promises,
  title={The promises of quantitative text analysis in interest group research: A reply to Bunea and Ibenskas},
  author={Kl{\"u}ver, Heike},
  journal={European Union Politics},
  volume={16},
  number={3},
  pages={456--466},
  year={2015},
  publisher={SAGE Publications Sage UK: London, England}
}

@article{mahoney2007lobbying,
  title={Lobbying success in the United States and the European Union},
  author={Mahoney, Christine},
  journal={Journal of Public Policy},
  volume={27},
  number={1},
  pages={35--56},
  year={2007},
  publisher={Cambridge University Press}
}

@article{pappi1999organization,
  title={The organization of influence on the EC's common agriculturalpolicy: A network approach},
  author={Pappi, Franz U and Henning, Christian HCA},
  journal={European Journal of Political Research},
  volume={36},
  number={2},
  pages={257--281},
  year={1999},
  publisher={Wiley Online Library}
}

@article{de2016pressure,
  title={Pressure and expertise: explaining the information supply of interest groups in EU legislative lobbying},
  author={De Bruycker, Iskander},
  journal={JCMS: Journal of Common Market Studies},
  volume={54},
  number={3},
  pages={599--616},
  year={2016},
  publisher={Wiley Online Library}
}

@article{schmidt2013democracy,
  title={Democracy and legitimacy in the European Union revisited: Input, output and ÔthroughputÕ},
  author={Schmidt, Vivien A},
  journal={Political Studies},
  volume={61},
  number={1},
  pages={2--22},
  year={2013},
  publisher={Wiley Online Library}
}